%YAML 1.1
%TAG !u! tag:unity3d.com,2011:
--- !u!1 &1303354648167143774
GameObject:
  m_ObjectHideFlags: 0
  m_CorrespondingSourceObject: {fileID: 0}
  m_PrefabInstance: {fileID: 0}
  m_PrefabAsset: {fileID: 0}
  serializedVersion: 6
  m_Component:
  - component: {fileID: 6773530220198458703}
  - component: {fileID: 9074035031942622040}
  - component: {fileID: 1772380399124551959}
  m_Layer: 0
  m_Name: View
  m_TagString: Untagged
  m_Icon: {fileID: 0}
  m_NavMeshLayer: 0
  m_StaticEditorFlags: 0
  m_IsActive: 1
--- !u!4 &6773530220198458703
Transform:
  m_ObjectHideFlags: 0
  m_CorrespondingSourceObject: {fileID: 0}
  m_PrefabInstance: {fileID: 0}
  m_PrefabAsset: {fileID: 0}
  m_GameObject: {fileID: 1303354648167143774}
  serializedVersion: 2
  m_LocalRotation: {x: 0, y: 0, z: 0, w: 1}
  m_LocalPosition: {x: 0, y: 0, z: 0}
  m_LocalScale: {x: 1, y: 1, z: 1}
  m_ConstrainProportionsScale: 0
  m_Children:
  - {fileID: 2247772451007337301}
  m_Father: {fileID: 3976721676166358875}
  m_LocalEulerAnglesHint: {x: 0, y: 0, z: 0}
--- !u!95 &9074035031942622040
Animator:
  serializedVersion: 5
  m_ObjectHideFlags: 0
  m_CorrespondingSourceObject: {fileID: 0}
  m_PrefabInstance: {fileID: 0}
  m_PrefabAsset: {fileID: 0}
  m_GameObject: {fileID: 1303354648167143774}
  m_Enabled: 1
  m_Avatar: {fileID: 9000000, guid: 8f7380da49034cd488ddff94b1ac35d1, type: 3}
  m_Controller: {fileID: 9100000, guid: de04b93ed80864d4ca149fa12a029bbe, type: 2}
  m_CullingMode: 0
  m_UpdateMode: 0
  m_ApplyRootMotion: 0
  m_LinearVelocityBlending: 0
  m_StabilizeFeet: 0
  m_WarningMessage: 
  m_HasTransformHierarchy: 1
  m_AllowConstantClipSamplingOptimization: 1
  m_KeepAnimatorStateOnDisable: 0
  m_WriteDefaultValuesOnDisable: 0
--- !u!114 &1772380399124551959
MonoBehaviour:
  m_ObjectHideFlags: 0
  m_CorrespondingSourceObject: {fileID: 0}
  m_PrefabInstance: {fileID: 0}
  m_PrefabAsset: {fileID: 0}
  m_GameObject: {fileID: 1303354648167143774}
  m_Enabled: 1
  m_EditorHideFlags: 0
  m_Script: {fileID: 11500000, guid: 316eb7221f4d3134daafa7f3589108b1, type: 3}
  m_Name: 
  m_EditorClassIdentifier: 
--- !u!1 &3636815671373266613
GameObject:
  m_ObjectHideFlags: 0
  m_CorrespondingSourceObject: {fileID: 0}
  m_PrefabInstance: {fileID: 0}
  m_PrefabAsset: {fileID: 0}
  serializedVersion: 6
  m_Component:
  - component: {fileID: 3976721676166358875}
  - component: {fileID: 8448021722748072305}
  - component: {fileID: 6867651087488721642}
  - component: {fileID: 646033697600850116}
  - component: {fileID: 1464278720666944339}
  - component: {fileID: 3792929455217534726}
  - component: {fileID: 2644045202085968558}
  m_Layer: 0
  m_Name: zombie
  m_TagString: Untagged
  m_Icon: {fileID: 0}
  m_NavMeshLayer: 0
  m_StaticEditorFlags: 0
  m_IsActive: 1
--- !u!4 &3976721676166358875
Transform:
  m_ObjectHideFlags: 0
  m_CorrespondingSourceObject: {fileID: 0}
  m_PrefabInstance: {fileID: 0}
  m_PrefabAsset: {fileID: 0}
  m_GameObject: {fileID: 3636815671373266613}
  serializedVersion: 2
  m_LocalRotation: {x: 0, y: 0.7071068, z: 0, w: 0.7071068}
  m_LocalPosition: {x: 0, y: 1, z: 0}
  m_LocalScale: {x: 1, y: 1, z: 1}
  m_ConstrainProportionsScale: 0
  m_Children:
  - {fileID: 6773530220198458703}
  m_Father: {fileID: 0}
  m_LocalEulerAnglesHint: {x: 0, y: 90, z: 0}
--- !u!114 &8448021722748072305
MonoBehaviour:
  m_ObjectHideFlags: 0
  m_CorrespondingSourceObject: {fileID: 0}
  m_PrefabInstance: {fileID: 0}
  m_PrefabAsset: {fileID: 0}
  m_GameObject: {fileID: 3636815671373266613}
  m_Enabled: 1
  m_EditorHideFlags: 0
  m_Script: {fileID: 11500000, guid: 1f90bdfdcb68ec849a05815cf7aaf3a7, type: 3}
  m_Name: 
  m_EditorClassIdentifier: 
  starthitpoints: 50
  isPlayer: 0
--- !u!114 &6867651087488721642
MonoBehaviour:
  m_ObjectHideFlags: 0
  m_CorrespondingSourceObject: {fileID: 0}
  m_PrefabInstance: {fileID: 0}
  m_PrefabAsset: {fileID: 0}
  m_GameObject: {fileID: 3636815671373266613}
  m_Enabled: 1
  m_EditorHideFlags: 0
  m_Script: {fileID: 11500000, guid: fe1620a44fa620c4d87f1ac4431b05f1, type: 3}
  m_Name: 
  m_EditorClassIdentifier: 
  damage: 10
  range: 2
--- !u!114 &646033697600850116
MonoBehaviour:
  m_ObjectHideFlags: 0
  m_CorrespondingSourceObject: {fileID: 0}
  m_PrefabInstance: {fileID: 0}
  m_PrefabAsset: {fileID: 0}
  m_GameObject: {fileID: 3636815671373266613}
  m_Enabled: 1
  m_EditorHideFlags: 0
  m_Script: {fileID: 11500000, guid: 06567f0d3e0df8a49992a97f837a1164, type: 3}
  m_Name: 
  m_EditorClassIdentifier: 
  visionRange: 10
--- !u!136 &1464278720666944339
CapsuleCollider:
  m_ObjectHideFlags: 0
  m_CorrespondingSourceObject: {fileID: 0}
  m_PrefabInstance: {fileID: 0}
  m_PrefabAsset: {fileID: 0}
  m_GameObject: {fileID: 3636815671373266613}
  m_Material: {fileID: 0}
  m_IncludeLayers:
    serializedVersion: 2
    m_Bits: 0
  m_ExcludeLayers:
    serializedVersion: 2
    m_Bits: 0
  m_LayerOverridePriority: 0
  m_IsTrigger: 0
  m_ProvidesContacts: 0
  m_Enabled: 1
  serializedVersion: 2
  m_Radius: 0.5
  m_Height: 2
  m_Direction: 1
  m_Center: {x: 0, y: 0, z: 0}
--- !u!195 &3792929455217534726
NavMeshAgent:
  m_ObjectHideFlags: 0
  m_CorrespondingSourceObject: {fileID: 0}
  m_PrefabInstance: {fileID: 0}
  m_PrefabAsset: {fileID: 0}
  m_GameObject: {fileID: 3636815671373266613}
  m_Enabled: 1
  m_AgentTypeID: 0
  m_Radius: 0.5
  m_Speed: 5
  m_Acceleration: 5
  avoidancePriority: 50
  m_AngularSpeed: 5
  m_StoppingDistance: 2
  m_AutoTraverseOffMeshLink: 1
  m_AutoBraking: 1
  m_AutoRepath: 1
  m_Height: 2
  m_BaseOffset: 1
  m_WalkableMask: 4294967295
  m_ObstacleAvoidanceType: 4
--- !u!114 &2644045202085968558
MonoBehaviour:
  m_ObjectHideFlags: 0
  m_CorrespondingSourceObject: {fileID: 0}
  m_PrefabInstance: {fileID: 0}
  m_PrefabAsset: {fileID: 0}
  m_GameObject: {fileID: 3636815671373266613}
  m_Enabled: 1
  m_EditorHideFlags: 0
  m_Script: {fileID: 11500000, guid: 2a555d242de740845983ef8e94fc1458, type: 3}
  m_Name: 
  m_EditorClassIdentifier: 
  target: {fileID: 0}
  targetHealth: {fileID: 0}
  animator: {fileID: 0}
  agent: {fileID: 0}
  distanceToTarget: 0
--- !u!1001 &6506300598100047951
PrefabInstance:
  m_ObjectHideFlags: 0
  serializedVersion: 2
  m_Modification:
    serializedVersion: 3
    m_TransformParent: {fileID: 6773530220198458703}
    m_Modifications:
    - target: {fileID: -4216859302048453862, guid: a1b4b8144e2a4054199287da62cdd0da, type: 3}
      propertyPath: m_LocalPosition.x
      value: 0
      objectReference: {fileID: 0}
    - target: {fileID: -4216859302048453862, guid: a1b4b8144e2a4054199287da62cdd0da, type: 3}
      propertyPath: m_LocalPosition.y
      value: -1
      objectReference: {fileID: 0}
    - target: {fileID: -4216859302048453862, guid: a1b4b8144e2a4054199287da62cdd0da, type: 3}
      propertyPath: m_LocalPosition.z
      value: 0
      objectReference: {fileID: 0}
    - target: {fileID: -4216859302048453862, guid: a1b4b8144e2a4054199287da62cdd0da, type: 3}
      propertyPath: m_LocalRotation.w
      value: 1
      objectReference: {fileID: 0}
    - target: {fileID: -4216859302048453862, guid: a1b4b8144e2a4054199287da62cdd0da, type: 3}
      propertyPath: m_LocalRotation.x
      value: 0
      objectReference: {fileID: 0}
    - target: {fileID: -4216859302048453862, guid: a1b4b8144e2a4054199287da62cdd0da, type: 3}
      propertyPath: m_LocalRotation.y
      value: 0
      objectReference: {fileID: 0}
    - target: {fileID: -4216859302048453862, guid: a1b4b8144e2a4054199287da62cdd0da, type: 3}
      propertyPath: m_LocalRotation.z
      value: 0
      objectReference: {fileID: 0}
    - target: {fileID: -4216859302048453862, guid: a1b4b8144e2a4054199287da62cdd0da, type: 3}
      propertyPath: m_LocalEulerAnglesHint.x
      value: 0
      objectReference: {fileID: 0}
    - target: {fileID: -4216859302048453862, guid: a1b4b8144e2a4054199287da62cdd0da, type: 3}
      propertyPath: m_LocalEulerAnglesHint.y
      value: 0
      objectReference: {fileID: 0}
    - target: {fileID: -4216859302048453862, guid: a1b4b8144e2a4054199287da62cdd0da, type: 3}
      propertyPath: m_LocalEulerAnglesHint.z
      value: 0
      objectReference: {fileID: 0}
    - target: {fileID: -1262058383872866797, guid: a1b4b8144e2a4054199287da62cdd0da, type: 3}
      propertyPath: m_LocalScale.x
      value: 0
      objectReference: {fileID: 0}
    - target: {fileID: -1262058383872866797, guid: a1b4b8144e2a4054199287da62cdd0da, type: 3}
      propertyPath: m_LocalScale.y
      value: 0
      objectReference: {fileID: 0}
    - target: {fileID: -1262058383872866797, guid: a1b4b8144e2a4054199287da62cdd0da, type: 3}
      propertyPath: m_LocalScale.z
      value: 0
      objectReference: {fileID: 0}
    - target: {fileID: -927199367670048503, guid: a1b4b8144e2a4054199287da62cdd0da, type: 3}
      propertyPath: m_Name
      value: Zombie3
      objectReference: {fileID: 0}
    m_RemovedComponents: []
    m_RemovedGameObjects: []
    m_AddedGameObjects: []
    m_AddedComponents: []
  m_SourcePrefab: {fileID: 100100000, guid: a1b4b8144e2a4054199287da62cdd0da, type: 3}
--- !u!4 &2247772451007337301 stripped
Transform:
  m_CorrespondingSourceObject: {fileID: -4216859302048453862, guid: a1b4b8144e2a4054199287da62cdd0da, type: 3}
  m_PrefabInstance: {fileID: 6506300598100047951}
  m_PrefabAsset: {fileID: 0}
